<?xml version="1.0" encoding="UTF-8"?><collection><record><leader>05836ntm a2200589 a 4500</leader><controlfield tag="001">006803834</controlfield><controlfield tag="003">MiAaHDL</controlfield><controlfield tag="005">20190719000000.0</controlfield><controlfield tag="006">m        d        </controlfield><controlfield tag="007">cr bn ---auaua</controlfield><controlfield tag="008">090527s15uu    xx            00| ||ara d</controlfield><datafield tag="035" ind1=" " ind2=" "><subfield code="a">(MiU)006803834</subfield></datafield><datafield tag="035" ind1=" " ind2=" "><subfield code="a">sdr-miu006803834</subfield></datafield><datafield tag="040" ind1=" " ind2=" "><subfield code="a">MiU</subfield><subfield code="c">MiU</subfield><subfield code="e">amremm</subfield></datafield><datafield tag="043" ind1=" " ind2=" "><subfield code="a">n-us-mi</subfield></datafield><datafield tag="100" ind1="1" ind2=" "><subfield code="6">880-01</subfield><subfield code="a">Kākī, Muḥammad ibn Muḥammad,</subfield><subfield code="d">-1348 or 1349.</subfield></datafield><datafield tag="240" ind1="1" ind2="0"><subfield code="6">880-02</subfield><subfield code="a">ʻUyūn al-madhāhib al-Kāmilī</subfield></datafield><datafield tag="245" ind1="1" ind2="0"><subfield code="6">880-03</subfield><subfield code="a">Kitāb ʻUyūn al-madhāhib al-Kāmilī,</subfield><subfield code="f">[16th century?].</subfield></datafield><datafield tag="246" ind1="3" ind2=" "><subfield code="a">عيون المذاهب الاربعة</subfield></datafield><datafield tag="246" ind1="3" ind2=" "><subfield code="a">كاملي في فروع المذاهب الاربعة</subfield></datafield><datafield tag="246" ind1="3" ind2=" "><subfield code="a">كاملي على المذاهب الاربعة</subfield></datafield><datafield tag="246" ind1="3" ind2=" "><subfield code="i">Edge title (tail):</subfield><subfield code="a">عيون المذاهب للخبازي</subfield></datafield><datafield tag="260" ind1=" " ind2=" "><subfield code="c">[15--?].</subfield></datafield><datafield tag="300" ind1=" " ind2=" "><subfield code="a">177 leaves :</subfield><subfield code="b">paper ;</subfield><subfield code="c">203 x 152 (115 x 83) mm.</subfield></datafield><datafield tag="500" ind1=" " ind2=" "><subfield code="a">Shelfmark: Ann Arbor, University of Michigan, Special Collections Library, Isl. Ms. 563</subfield></datafield><datafield tag="500" ind1=" " ind2=" "><subfield code="a">Origin: Lacks dated colophon ; paper, etc. suggests 16th century.</subfield></datafield><datafield tag="500" ind1=" " ind2=" "><subfield code="a">Accompanying materials: a. Acquisitions slip from Yahuda.</subfield></datafield><datafield tag="500" ind1=" " ind2=" "><subfield code="a">Former shelfmark: From interior of upper cover and fore edge flap label "IL 257" (likely supplied by Yahuda see acquisitions slip).</subfield></datafield><datafield tag="500" ind1=" " ind2=" "><subfield code="a">Binding: Pasteboards covered in dark brown leather ; Type II binding (with flap) ; doublures in light brown leather ; hinges in yellow, gold-flecked paper ; upper and lower covers carry blind-stamped mandorla (filled with symmetrical vegetal composition, similar to Déroche OSd 4) and pendants, along with tooled border (now largely covered by repairs) ; sewn in lavender thread, two stations ; worked chevron endbands in lime green and lavender, fairly good condition ; overall in poor condition with significant abrasion, lifting and losses of leather, delamination of boards (especially in upper cover, revealing use of manuscript 'waste' in pasteboards), upper cover detaching at spine, etc. ; repairs in various leathers ; housed in box for protection.</subfield></datafield><datafield tag="500" ind1=" " ind2=" "><subfield code="a">Support: European laid paper ; mainly with 10 laid lines per cm. (vertical), chain lines spaced 29 mm. apart (horizontal), and anchor in circle watermark (two line, star above, see p.114, 120, etc.), medium cream in color, sturdy and well-burnished to glossy ; toward close, another type with 10 laid lines per cm. (vertical), chain lines spaced 32-34 mm. apart (horizontal), and tower or column with cross above (reminiscent of a chess piece) watermark (see p.334, 343, etc.).</subfield></datafield><datafield tag="500" ind1=" " ind2=" "><subfield code="a">Decoration: Keywords and section headings rubricated ; textual dividers in the form of red discs.</subfield></datafield><datafield tag="500" ind1=" " ind2=" "><subfield code="a">Script: Naskh ; elegant Turkish hand, initially (through about p.19) fairly large and freely ligatured ; elsewhere more compact, partially seriffed with dramatic left-sloping head-serif mainly on lām of definite article, effect of tilt to the left, slight effect of words descending to baseline, curvilinear descenders, pointing in distinct dots, point of final nūn set deep in bowl ; opening replacement leaf in still another hand.</subfield></datafield><datafield tag="500" ind1=" " ind2=" "><subfield code="a">Layout: Written in 11 lines per page ; frame-ruled.</subfield></datafield><datafield tag="500" ind1=" " ind2=" "><subfield code="a">Collation: IV-2+2 (8), 5 IV(48), III (54), 15 IV(174), I+1 (177), i ; chiefly quaternions ; opening leaf replaced ; catchwords present ; foliation in black ink, Hindu-Arabic numerals ; pagination in pencil, Western numerals, supplied during digitization (skips two pages between pp.323-324).</subfield></datafield><datafield tag="500" ind1=" " ind2=" "><subfield code="a">Explicit: "فذحبوه فيما ميتة هي لاقل تحري واكل في الاختيار تمت بحمد الله وحسن توفيقه والحمد لله رب العالمين آمين"</subfield></datafield><datafield tag="500" ind1=" " ind2=" "><subfield code="a">Incipit: "الحمد لله باسط الارض ورافع السماء وباعث الرسل والانبياء ... وبعد فاني لما رأيت علم الفقه اعظم العلوم واحوجها في كيفية سلوك المنهج القويم والصراط المستقيم اردت ان اجمع فيه مختصرا في المذاهب الاربعة ... وسميته عيون المذاهب الكاملي ..."</subfield></datafield><datafield tag="500" ind1=" " ind2=" "><subfield code="a">Title from inscription on 'title page' (p.3) and opening matter on p.5.</subfield></datafield><datafield tag="500" ind1=" " ind2=" "><subfield code="a">Ms. codex.</subfield></datafield><datafield tag="510" ind1="4" ind2=" "><subfield code="a">Ḥājjī Khalīfah. Kashf al-ẓunūn,</subfield><subfield code="c">iv, 292</subfield></datafield><datafield tag="510" ind1="4" ind2=" "><subfield code="a">Brockelmann, C. GAL,</subfield><subfield code="c">II 198 ; S II 268</subfield></datafield><datafield tag="520" ind1="8" ind2=" "><subfield code="a">Elegant copy of the treatise on the four orthodox schools of law by Qiwām al-Dīn (Qawām al-Dīn) Muḥammad ibn Muḥammad ibn Aḥmad al-Khujandī al-Sanjārī al-Kākī (d.1348 or 9). Attributed on tail edge inscription and 'title page' (p.3) to Jalāl al-Dīn al-Khabbāzī, apparently the author of a commentary on this work (see GAL, S II 268, cmt. a).</subfield></datafield><datafield tag="538" ind1=" " ind2=" "><subfield code="a">Mode of access: Internet.</subfield></datafield><datafield tag="541" ind1=" " ind2=" "><subfield code="a">Acquired in 1926 from the bookseller Isaac Benjamin S.E. Yahuda via purchase transacted on his behalf by Abraham Shalom Yahuda (1877-1951), his younger brother.</subfield></datafield><datafield tag="546" ind1=" " ind2=" "><subfield code="a">Arabic.</subfield></datafield><datafield tag="561" ind1=" " ind2=" "><subfield code="a">Virtually illegible inscription on head edge appears to include ownership statement ; fairly clean copy though table of contents appears on recto of front flyleaf (p.1) and a few excerpts (including entry from Kashf al-ẓunūn on front flyleaf verso/p.2) at opening.</subfield></datafield><datafield tag="650" ind1=" " ind2="0"><subfield code="a">Manuscripts, Arabic</subfield><subfield code="z">Michigan</subfield><subfield code="z">Ann Arbor.</subfield></datafield><datafield tag="650" ind1=" " ind2="0"><subfield code="a">Hanafites</subfield><subfield code="v">Early works to 1800.</subfield></datafield><datafield tag="650" ind1=" " ind2="0"><subfield code="a">Islamic law</subfield><subfield code="x">Interpretation and construction</subfield><subfield code="v">Early works to 1800.</subfield></datafield><datafield tag="773" ind1="0" ind2=" "><subfield code="a">Yahuda Collection.</subfield></datafield><datafield tag="880" ind1="1" ind2="0"><subfield code="6">245-03/</subfield><subfield code="a">كتاب عيون المذاهب الكاملي,</subfield><subfield code="f">[القرن 16م؟].</subfield></datafield><datafield tag="880" ind1="1" ind2="0"><subfield code="6">240-02/</subfield><subfield code="a">عيون المذاهب الكاملي</subfield></datafield><datafield tag="880" ind1="1" ind2=" "><subfield code="6">100-01/</subfield><subfield code="a">كاكي, محمد بن محمد.</subfield></datafield><datafield tag="CID" ind1=" " ind2=" "><subfield code="a">006803834</subfield></datafield><datafield tag="DAT" ind1="0" ind2=" "><subfield code="a">20190719102636.0</subfield><subfield code="b">20190719000000.0</subfield></datafield><datafield tag="DAT" ind1="1" ind2=" "><subfield code="a">20190719090653.0</subfield><subfield code="b">2019-07-19T16:11:42Z</subfield></datafield><datafield tag="DAT" ind1="2" ind2=" "><subfield code="a">2015-10-02T18:00:03Z</subfield></datafield><datafield tag="CAT" ind1=" " ind2=" "><subfield code="a">SDR-MIU</subfield><subfield code="d">EX LIBRIS - ALEPH</subfield><subfield code="l">prepare.pl-004-008</subfield></datafield><datafield tag="FMT" ind1=" " ind2=" "><subfield code="a">BK</subfield></datafield><datafield tag="HOL" ind1=" " ind2=" "><subfield code="0">sdr-miu006803834</subfield><subfield code="a">MiU</subfield><subfield code="b">SDR</subfield><subfield code="c">MIU</subfield><subfield code="p">mdp.39015079126580</subfield><subfield code="s">MIU</subfield><subfield code="1">006803834</subfield></datafield><datafield tag="974" ind1=" " ind2=" "><subfield code="b">MIU</subfield><subfield code="c">MIU</subfield><subfield code="d">20190719</subfield><subfield code="s">lit-dlps-dc</subfield><subfield code="u">mdp.39015079126580</subfield><subfield code="y">1599</subfield><subfield code="r">pd</subfield><subfield code="q">bib</subfield><subfield code="t">non-US bib date1 &lt; 1896</subfield></datafield></record></collection>